%YAML 1.1
%TAG !u! tag:unity3d.com,2011:
--- !u!1001 &100100000
Prefab:
  m_ObjectHideFlags: 1
  serializedVersion: 2
  m_Modification:
    m_TransformParent: {fileID: 0}
    m_Modifications: []
    m_RemovedComponents: []
  m_ParentPrefab: {fileID: 0}
  m_RootGameObject: {fileID: 1120359326307408}
  m_IsPrefabParent: 1
--- !u!1 &1120359326307408
GameObject:
  m_ObjectHideFlags: 0
  m_PrefabParentObject: {fileID: 0}
  m_PrefabInternal: {fileID: 100100000}
  serializedVersion: 5
  m_Component:
  - component: {fileID: 4882904500635070}
  - component: {fileID: 114511864168277852}
  - component: {fileID: 114751002434093374}
  - component: {fileID: 114575306200020066}
  m_Layer: 0
  m_Name: MainMenuGM
  m_TagString: Untagged
  m_Icon: {fileID: 0}
  m_NavMeshLayer: 0
  m_StaticEditorFlags: 0
  m_IsActive: 1
--- !u!4 &4882904500635070
Transform:
  m_ObjectHideFlags: 1
  m_PrefabParentObject: {fileID: 0}
  m_PrefabInternal: {fileID: 100100000}
  m_GameObject: {fileID: 1120359326307408}
  m_LocalRotation: {x: 0, y: 0, z: 0, w: 1}
  m_LocalPosition: {x: 0, y: 0, z: 0}
  m_LocalScale: {x: 1, y: 1, z: 1}
  m_Children: []
  m_Father: {fileID: 0}
  m_RootOrder: 0
  m_LocalEulerAnglesHint: {x: 0, y: 0, z: 0}
--- !u!114 &114511864168277852
MonoBehaviour:
  m_ObjectHideFlags: 1
  m_PrefabParentObject: {fileID: 0}
  m_PrefabInternal: {fileID: 100100000}
  m_GameObject: {fileID: 1120359326307408}
  m_Enabled: 1
  m_EditorHideFlags: 0
  m_Script: {fileID: 11500000, guid: ffd35b91db0166a4f90a2030e47aadaa, type: 3}
  m_Name: 
  m_EditorClassIdentifier: 
--- !u!114 &114575306200020066
MonoBehaviour:
  m_ObjectHideFlags: 1
  m_PrefabParentObject: {fileID: 0}
  m_PrefabInternal: {fileID: 100100000}
  m_GameObject: {fileID: 1120359326307408}
  m_Enabled: 1
  m_EditorHideFlags: 0
  m_Script: {fileID: 11500000, guid: aa80dc68aae1ba24db2b98574b6744f2, type: 3}
  m_Name: 
  m_EditorClassIdentifier: 
--- !u!114 &114751002434093374
MonoBehaviour:
  m_ObjectHideFlags: 1
  m_PrefabParentObject: {fileID: 0}
  m_PrefabInternal: {fileID: 100100000}
  m_GameObject: {fileID: 1120359326307408}
  m_Enabled: 1
  m_EditorHideFlags: 0
  m_Script: {fileID: 11500000, guid: 649c558e427bef54cb33c1791288cd66, type: 3}
  m_Name: 
  m_EditorClassIdentifier: 
  cursorPointer: {fileID: 2800000, guid: d37373f26b760b94593f67107ad3a316, type: 3}
  cursorSelect: {fileID: 2800000, guid: baad7cf217496734ab3d6b93d2f830e7, type: 3}
  cursorSelectHighlighted: {fileID: 2800000, guid: ad39d621cd57d4b4aa90ab186fedfc82,
    type: 3}
